@article{abadie2008failure,
  title={On the failure of the bootstrap for matching estimators},
  author={Abadie, Alberto and Imbens, Guido W},
  journal={Econometrica},
  volume={76},
  number={6},
  pages={1537--1557},
  year={2008},
  publisher={Wiley Online Library}
}
@article{abadie2010synthetic,
  title={Synthetic control methods for comparative case studies: Estimating the effect of California’s tobacco control program},
  author={Abadie, Alberto and Diamond, Alexis and Hainmueller, Jens},
  journal={Journal of the American statistical Association},
  volume={105},
  number={490},
  pages={493--505},
  year={2010},
  publisher={Taylor \& Francis}
}
@article{abadie2021penalized,
  title={A penalized synthetic control estimator for disaggregated data},
  author={Abadie, Alberto and L’hour, J{\'e}r{\'e}my},
  journal={Journal of the American Statistical Association},
  volume={116},
  number={536},
  pages={1817--1834},
  year={2021},
  publisher={Taylor \& Francis}
}
@article{ben2021augmented,
  title={The augmented synthetic control method},
  author={Ben-Michael, Eli and Feller, Avi and Rothstein, Jesse},
  journal={Journal of the American Statistical Association},
  volume={116},
  number={536},
  pages={1789--1803},
  year={2021},
  publisher={Taylor \& Francis}
}
@article{ben2021balancing,
  title={The balancing act in causal inference},
  author={Ben-Michael, Eli and Feller, Avi and Hirshberg, David A and Zubizarreta, Jos{\'e} R},
  journal={arXiv preprint arXiv:2110.14831},
  year={2021}
}
@book{boyd2004convex,
  title={Convex optimization},
  author={Boyd, Stephen and Boyd, Stephen P and Vandenberghe, Lieven},
  year={2004},
  publisher={Cambridge university press}
}
@inproceedings{chen2016xgboost,
 author = {Chen, Tianqi and Guestrin, Carlos},
 title = {{XGBoost}: A Scalable Tree Boosting System},
 booktitle = {Proceedings of the 22nd ACM SIGKDD International Conference on Knowledge Discovery and Data Mining},
 series = {KDD '16},
 year = {2016},
 isbn = {978-1-4503-4232-2},
 location = {San Francisco, California, USA},
 pages = {785--794},
 numpages = {10},
 url = {http://doi.acm.org/10.1145/2939672.2939785},
 doi = {10.1145/2939672.2939785},
 acmid = {2939785},
 publisher = {ACM},
 address = {New York, NY, USA},
 keywords = {large-scale machine learning},
}
@article{chernozhukov2018dml,
    author = {Chernozhukov, Victor and Chetverikov, Denis and Demirer, Mert and Duflo, Esther and Hansen, Christian and Newey, Whitney and Robins, James},
    title = "{Double/debiased machine learning for treatment and structural parameters}",
    journal = {The Econometrics Journal},
    volume = {21},
    number = {1},
    pages = {C1-C68},
    year = {2018},
    month = {01},
    issn = {1368-4221},
    doi = {10.1111/ectj.12097},
    url = {https://doi.org/10.1111/ectj.12097},
    eprint = {https://academic.oup.com/ectj/article-pdf/21/1/C1/27684918/ectj00c1.pdf},
}
@article{chipman2009bart,
     ISSN = {19326157, 19417330},
     URL = {http://www.jstor.org/stable/27801587},
     author = {Hugh A. Chipman and Edward I. George and Robert E. McCulloch},
     journal = {The Annals of Applied Statistics},
     number = {1},
     pages = {266--298},
     publisher = {Institute of Mathematical Statistics},
     title = {BART: BAYESIAN ADDITIVE REGRESSION TREES},
     urldate = {2023-03-25},
     volume = {4},
     year = {2010}
}
@article{cochran1973controlling,
  title={Controlling bias in observational studies: A review},
  author={Cochran, William G and Rubin, Donald B},
  journal={Sankhy{\=a}: The Indian Journal of Statistics, Series A},
  pages={417--446},
  year={1973},
  publisher={JSTOR}
}
@book{de2000mathematical,
  title={Mathematical methods and models for economists},
  author={De la Fuente, Angel},
  year={2000},
  publisher={Cambridge University Press}
}
@article{dehejia1999causal,
  title={Causal effects in nonexperimental studies: Reevaluating the evaluation of training programs},
  author={Dehejia, Rajeev H and Wahba, Sadek},
  journal={Journal of the American statistical Association},
  volume={94},
  number={448},
  pages={1053--1062},
  year={1999},
  publisher={Taylor \& Francis}
}
@article{dehejia2002propensity,
  title={Propensity score-matching methods for nonexperimental causal studies},
  author={Dehejia, Rajeev H and Wahba, Sadek},
  journal={Review of Economics and statistics},
  volume={84},
  number={1},
  pages={151--161},
  year={2002},
  publisher={MIT Press 238 Main St., Suite 500, Cambridge, MA 02142-1046, USA journals~…}
}
@article{diamond2013genetic,
  title={Genetic matching for estimating causal effects: A general multivariate matching method for achieving balance in observational studies},
  author={Diamond, Alexis and Sekhon, Jasjeet S},
  journal={Review of Economics and Statistics},
  volume={95},
  number={3},
  pages={932--945},
  year={2013},
  publisher={The MIT Press}
}
@inproceedings{dieng2019interpretable,
  title={Interpretable almost-exact matching for causal inference},
  author={Dieng, Awa and Liu, Yameng and Roy, Sudeepa and Rudin, Cynthia and Volfovsky, Alexander},
  booktitle={The 22nd International Conference on Artificial Intelligence and Statistics},
  pages={2445--2453},
  year={2019},
  organization={PMLR}
}
@article{dorie2019automated,
    author = {Dorie, Vincent and Hill, Jennifer and Shalit, Uri and Scott, Marc and Cervone, Dan},
    year = {2017},
    month = {07},
    title = {Automated versus Do-It-Yourself Methods for Causal Inference: Lessons Learned from a Data Analysis Competition},
    volume = {34},
    journal = {Statistical Science},
    doi = {10.1214/18-STS667}
}
@Misc{dorie2023dbarts,
author = {Vincent Dorie},
title = {dbarts: Discrete Bayesian Additive Regression Trees
  Sampler},
year = {2023},
note = {R package version 0.9-23},
url = {https://CRAN.R-project.org/package=dbarts},
}
@article{gruber2012tmle,
  title={tmle: an R package for targeted maximum likelihood estimation},
  author={Gruber, Susan and Van Der Laan, Mark},
  journal={Journal of Statistical Software},
  volume={51},
  pages={1--35},
  year={2012}
}
@article{hainmueller2012entropy,
  title={Entropy balancing for causal effects: A multivariate reweighting method to produce balanced samples in observational studies},
  author={Hainmueller, Jens},
  journal={Political analysis},
  volume={20},
  number={1},
  pages={25--46},
  year={2012},
  publisher={Cambridge University Press}
}
@article{hill2011bayesian,
  title={Bayesian nonparametric modeling for causal inference},
  author={Hill, Jennifer L},
  journal={Journal of Computational and Graphical Statistics},
  volume={20},
  number={1},
  pages={217--240},
  year={2011},
  publisher={Taylor \& Francis}
}
@article{ho2007matching,
  title={Matching as nonparametric preprocessing for reducing model dependence in parametric causal inference},
  author={Ho, Daniel E and Imai, Kosuke and King, Gary and Stuart, Elizabeth A},
  journal={Political analysis},
  volume={15},
  number={3},
  pages={199--236},
  year={2007},
  publisher={Cambridge University Press}
}
@article{iacus2011multivariate,
  title={Multivariate matching methods that are monotonic imbalance bounding},
  author={Iacus, Stefano M and King, Gary and Porro, Giuseppe},
  journal={Journal of the American Statistical Association},
  volume={106},
  number={493},
  pages={345--361},
  year={2011},
  publisher={Taylor \& Francis}
}
@article{iacus2012causal,
  title={Causal inference without balance checking: Coarsened exact matching},
  author={Iacus, Stefano M and King, Gary and Porro, Giuseppe},
  journal={Political analysis},
  volume={20},
  number={1},
  pages={1--24},
  year={2012},
  publisher={Cambridge University Press}
}
@article{imai2008misunderstandings,
  title={Misunderstandings between experimentalists and observationalists about causal inference},
  author={Imai, Kosuke and King, Gary and Stuart, Elizabeth A},
  journal={Journal of the royal statistical society: series A (statistics in society)},
  volume={171},
  number={2},
  pages={481--502},
  year={2008},
  publisher={Wiley Online Library}
}
@article{imbens2004nonparametric,
  title={Nonparametric estimation of average treatment effects under exogeneity: A review},
  author={Imbens, Guido W},
  journal={Review of Economics and statistics},
  volume={86},
  number={1},
  pages={4--29},
  year={2004},
  publisher={MIT Press 238 Main St., Suite 500, Cambridge, MA 02142-1046, USA journals~…}
}
@article{kallus2020generalized,
  title={Generalized optimal matching methods for causal inference.},
  author={Kallus, Nathan},
  journal={J. Mach. Learn. Res.},
  volume={21},
  pages={62--1},
  year={2020}
}
@article{kang2007demystifying,
    author = {Joseph D. Y. Kang and Joseph L. Schafer},
    title = {{Demystifying Double Robustness: A Comparison of Alternative Strategies for Estimating a Population Mean from Incomplete Data}},
    volume = {22},
    journal = {Statistical Science},
    number = {4},
    publisher = {Institute of Mathematical Statistics},
    pages = {523 -- 539},
    keywords = {Causal inference, missing data, model-assisted survey estimation, propensity score, weighted estimating equations},
    year = {2007},
    doi = {10.1214/07-STS227},
    URL = {https://doi.org/10.1214/07-STS227}
}
@article{kellogg2021combining,
  title={Combining Matching and Synthetic Control to Tradeoff Biases From Extrapolation and Interpolation},
  author={Kellogg, Maxwell and Mogstad, Magne and Pouliot, Guillaume A and Torgovitsky, Alexander},
  journal={Journal of the American Statistical Association},
  volume={116},
  number={536},
  pages={1804--1816},
  year={2021},
  publisher={Taylor \& Francis}
}
@article{king2017balance,
  title={The balance-sample size frontier in matching methods for causal inference},
  author={King, Gary and Lucas, Christopher and Nielsen, Richard A},
  journal={American Journal of Political Science},
  volume={61},
  number={2},
  pages={473--489},
  year={2017},
  publisher={Wiley Online Library}
}
@article{king2019propensity,
  title={Why propensity scores should not be used for matching},
  author={King, Gary and Nielsen, Richard},
  journal={Political Analysis},
  volume={27},
  number={4},
  pages={435--454},
  year={2019},
  publisher={Cambridge University Press}
}
@article{lalonde1986evaluating,
  title={Evaluating the econometric evaluations of training programs with experimental data},
  author={LaLonde, Robert J},
  journal={The American economic review},
  pages={604--620},
  year={1986},
  publisher={JSTOR}
}
@inproceedings{morucci2020adaptive,
  title={Adaptive hyper-box matching for interpretable individualized treatment effect estimation},
  author={Morucci, Marco and Orlandi, Vittorio and Roy, Sudeepa and Rudin, Cynthia and Volfovsky, Alexander},
  booktitle={Conference on Uncertainty in Artificial Intelligence},
  pages={1089--1098},
  year={2020},
  organization={PMLR}
}
@article{otsu2017bootstrap,
  title={Bootstrap inference of matching estimators for average treatment effects},
  author={Otsu, Taisuke and Rai, Yoshiyasu},
  journal={Journal of the American Statistical Association},
  volume={112},
  number={520},
  pages={1720--1732},
  year={2017},
  publisher={Taylor \& Francis}
}
@article{parikh2022malts,
  title={Malts: Matching after learning to stretch},
  author={Parikh, Harsh and Rudin, Cynthia and Volfovsky, Alexander},
  journal={Journal of Machine Learning Research},
  year={2022}
}
@article{robins1994estimation,
  title={Estimation of regression coefficients when some regressors are not always observed},
  author={Robins, James M and Rotnitzky, Andrea and Zhao, Lue Ping},
  journal={Journal of the American statistical Association},
  volume={89},
  number={427},
  pages={846--866},
  year={1994},
  publisher={Taylor \& Francis}
}
@article{rosenbaum1983central,
  title={The central role of the propensity score in observational studies for causal effects},
  author={Rosenbaum, Paul R and Rubin, Donald B},
  journal={Biometrika},
  volume={70},
  number={1},
  pages={41--55},
  year={1983},
  publisher={Oxford University Press}
}
@article{rosenbaum1985bias,
  title={The bias due to incomplete matching},
  author={Rosenbaum, Paul R and Rubin, Donald B},
  journal={Biometrics},
  pages={103--116},
  year={1985},
  publisher={JSTOR}
}
@article{rosenbaum1985constructing,
  title={Constructing a control group using multivariate matched sampling methods that incorporate the propensity score},
  author={Rosenbaum, Paul R and Rubin, Donald B},
  journal={The American Statistician},
  volume={39},
  number={1},
  pages={33--38},
  year={1985},
  publisher={Taylor \& Francis}
}
@article{rosenbaum1989optimal,
  title={Optimal matching for observational studies},
  author={Rosenbaum, Paul R},
  journal={Journal of the American Statistical Association},
  volume={84},
  number={408},
  pages={1024--1032},
  year={1989},
  publisher={Taylor \& Francis}
}
@article{rotnitzky1998semiparametric,
  title={Semiparametric regression for repeated outcomes with nonignorable nonresponse},
  author={Rotnitzky, Andrea and Robins, James M and Scharfstein, Daniel O},
  journal={Journal of the american statistical association},
  volume={93},
  number={444},
  pages={1321--1339},
  year={1998},
  publisher={Taylor \& Francis}
}
@article{rubin1973matching,
  title={Matching to remove bias in observational studies},
  author={Rubin, Donald B},
  journal={Biometrics},
  pages={159--183},
  year={1973},
  publisher={JSTOR}
}
@article{rubin1980bias,
  title={Bias reduction using Mahalanobis-metric matching},
  author={Rubin, Donald B},
  journal={Biometrics},
  pages={293--298},
  year={1980},
  publisher={JSTOR}
}
@article{rubin1981bayesian,
  title={The bayesian bootstrap},
  author={Rubin, Donald B},
  journal={The annals of statistics},
  pages={130--134},
  year={1981},
  publisher={JSTOR}
}
@article{rubin2000combining,
  title={Combining propensity score matching with additional adjustments for prognostic covariates},
  author={Rubin, Donald B and Thomas, Neal},
  journal={Journal of the American Statistical Association},
  volume={95},
  number={450},
  pages={573--585},
  year={2000},
  publisher={Taylor \& Francis}
}
@article{stuart2010matching,
  title={Matching methods for causal inference: A review and a look forward},
  author={Stuart, Elizabeth A},
  journal={Statistical science: a review journal of the Institute of Mathematical Statistics},
  volume={25},
  number={1},
  pages={1},
  year={2010},
  publisher={NIH Public Access}
}
@article{van2006targeted,
  title={Targeted maximum likelihood learning},
  author={Van Der Laan, Mark J and Rubin, Daniel},
  journal={The international journal of biostatistics},
  volume={2},
  number={1},
  year={2006},
  publisher={De Gruyter}
}
@article{van2007super,
  title={Super learner},
  author={Van Der Laan Mark, J and others},
  journal={Statistical applications in genetics and molecular biology},
  volume={6},
  number={1},
  pages={1--23},
  year={2007},
  publisher={De Gruyter}
}
@article{wang2021flame,
  title={Flame: A fast large-scale almost matching exactly approach to causal inference},
  author={Wang, Tianyu and Morucci, Marco and Awan, M Usaid and Liu, Yameng and Roy, Sudeepa and Rudin, Cynthia and Volfovsky, Alexander},
  journal={The Journal of Machine Learning Research},
  volume={22},
  number={1},
  pages={1477--1517},
  year={2021},
  publisher={JMLRORG}
}
@book{weaver2018lipschitz,
  title={Lipschitz algebras},
  author={Weaver, Nik},
  year={2018},
  publisher={World Scientific},
  note={\url{https://www.worldscientific.com/doi/pdf/10.1142/9789814740647_0001}}
}
@Article{zhong2021aipw,
title = {AIPW: An R Package for Augmented Inverse Probability
  Weighted Estimation of Average Causal Effects},
author = {{Yongqi Zhong} and {Edward H. Kennedy} and {Lisa M.
  Bodnar} and {Ashley I. Naimi}},
journal = {American Journal of Epidemiology},
year = {2021},
note = {In Press},
}
@article{zubizarreta2015stable,
  title={Stable weights that balance covariates for estimation with incomplete outcome data},
  author={Zubizarreta, Jos{\'e} R},
  journal={Journal of the American Statistical Association},
  volume={110},
  number={511},
  pages={910--922},
  year={2015},
  publisher={Taylor \& Francis}
}
